@INPROCEEDINGS{brazilian_pcg_survey,
author={D. M. D. {Carli} and F. {Bevilacqua} and C. {Tadeu Pozzer} and M. C. {d'Ornellas}},
booktitle={2011 Brazilian Symposium on Games and Digital Entertainment},
title={A Survey of Procedural Content Generation Techniques Suitable to Game Development},
year={2011},
volume={},
number={},
pages={26-35},
keywords={computer games;rendering (computer graphics);game development;context procedural content generation techniques;content creation cost reduction;assisted techniques;nonassisted techniques;human intervention;human guidance;Rivers;Roads;Games;Sociology;Statistics;Shape;Humans;Survey;Procedural Generation;Game Development;3D},
doi={10.1109/SBGAMES.2011.15},
ISSN={2159-6654},
month={Nov},}

@article{pcg_survey_2013,
author = {Hendrikx, Mark and Meijer, Sebastiaan and Velden, Joeri and Iosup, Alexandru},
year = {2013},
month = {02},
pages = {},
title = {Procedural Content Generation for Games: A Survey},
volume = {9},
journal = {ACM Transactions on Multimedia Computing, Communications, and Applications (TOMCCAP)},
doi = {10.1145/2422956.2422957}
}


@article{pcg_survey_2017,
title  =  {A Survey on the Procedural Generation of Virtual Worlds},
volume={1},
issn={2414-4088},
url={http://dx.doi.org/10.3390/mti1040027},
DOI={10.3390/mti1040027},
number={4},
journal={Multimodal Technologies and Interaction},
publisher={MDPI AG},
author={Freiknecht, Jonas and Effelsberg, Wolfgang},
year={2017},
month={Oct},
pages={27}
}

@article{terrain_survey_2019,
author = {Galin, Eric and Guérin, Eric and Peytavie, Adrien and Cordonnier, Guillaume and Cani, Marie-Paule and Benes, Bedrich and Gain, James},
title = {A Review of Digital Terrain Modeling},
journal = {Computer Graphics Forum},

volume = {38},
number = {2},
pages = {553-577},
keywords = {Categories and Subject Descriptors (according to ACM CCS): Shape Modeling Computer Graphics: —},
doi = {10.1111/cgf.13657},
url = {https://onlinelibrary.wiley.com/doi/abs/10.1111/cgf.13657},
eprint = {https://onlinelibrary.wiley.com/doi/pdf/10.1111/cgf.13657},
year = {2019}
}

@incollection{amato2017,
  doi = {10.1007/978-3-319-53088-8_2},
  url = {https://doi.org/10.1007/978-3-319-53088-8_2},
  year = {2017},
  publisher = {Springer International Publishing},
  pages = {15--25},
  author = {Alba Amato},
  title = {Procedural Content Generation in the Game Industry},
  booktitle = {Game Dynamics}
}

@book{stiny2006shape,
  title={Shape: talking about seeing and doing},
  author={Stiny, George},
  year={2006},
  publisher={MIt Press}
}

@article{building_shape_grammar,
author = {Müller, Pascal and Wonka, Peter and Haegler, Simon and Ulmer, Andreas and Van Gool, Luc},
year = {2006},
month = {07},
pages = {614-623},
title = {Procedural Modeling of Buildings},
volume = {25},
journal = {ACM Trans. Graph.},
doi = {10.1145/1141911.1141931}
}

@article{plant_l_system,
  TITLE = {{A look at the visual modeling of plants using L-systems}},
  AUTHOR = {Prusinkiewicz, Przemyslaw},
  URL = {https://hal.archives-ouvertes.fr/hal-00885925},
  JOURNAL = {{Agronomie}},
  PUBLISHER = {{EDP Sciences}},
  VOLUME = {19},
  NUMBER = {3-4},
  PAGES = {211-224},
  YEAR = {1999},
  PDF = {https://hal.archives-ouvertes.fr/hal-00885925/file/hal-00885925.pdf},
  HAL_ID = {hal-00885925},
  HAL_VERSION = {v1},
}

@inproceedings{procedural_city_modeling,
author = {Parish, Yoav and Müller, Pascal},
year = {2001},
month = {08},
pages = {301-308},
title = {Procedural Modeling of Cities},
volume = {2001},
journal = {Proceedings of SIGGRAPH},
doi = {10.1145/1185657.1185716}
}

@article{early_terrain_generation,
author = {Prusinkiewicz, Przemyslaw and Hammel, Mark},
year = {1993},
month = {01},
pages = {},
title = {A Fractal Model of Mountains with Rivers},
volume = {30},
journal = {Proceedings of Graphics Interface '93}
}

@article{schmidt08,
  title={Sketch-Based Procedural Surface Modeling and Compositing Using Surface Trees},
  author={Ryan Schmidt and Karan Singh},
  journal={Comput. Graph. Forum},
  year={2008},
  volume={27},
  pages={321-330}
}

@book{prusinkiewicz1990,
  doi = {10.1007/978-1-4613-8476-2},
  url = {https://doi.org/10.1007/978-1-4613-8476-2},
  year = {1990},
  publisher = {Springer New York},
  author = {Przemyslaw Prusinkiewicz and Aristid Lindenmayer},
  title = {The Algorithmic Beauty of Plants}
}

@article{gingold09,
 author    = {Yotam Gingold and Takeo Igarashi and Denis Zorin},
 title     = {Structured Annotations for 2{D}-to-3{D} Modeling},
 journal   = {ACM Transactions on Graphics (TOG)},
 volume    = {28},
 number    = {5},
 year      = {2009},
 pages     = {148},
 issn = {0730-0301},
 doi = {http://doi.acm.org/10.1145/1618452.1618494},
 publisher = {ACM Press},
 address   = {New York, NY, USA}
}

@inproceedings{sorkine04,
 author = {Sorkine, O. and Cohen-Or, D. and Lipman, Y. and Alexa, M. and R\"{o}ssl, C. and Seidel, H.-P.},
 title = {Laplacian Surface Editing},
 booktitle = {Proceedings of the 2004 Eurographics/ACM SIGGRAPH Symposium on Geometry Processing},
 series = {SGP '04},
 year = {2004},
 isbn = {3-905673-13-4},
 location = {Nice, France},
 pages = {175--184},
 numpages = {10},
 url = {http://doi.acm.org/10.1145/1057432.1057456},
 doi = {10.1145/1057432.1057456},
 acmid = {1057456},
 publisher = {ACM},
 address = {New York, NY, USA},
} 

@misc{houdini,
  title = {{Houdini} A general purpose procedural generation System by SideFX},
  howpublished = {\url{https://www.sidefx.com/products/houdini/}},
  note = {Accessed: 2019-11-30}
}


@misc{cityengine,
  title = {{CityEngine} A procedural city design software by {Esri}},
  howpublished = {\url{https://www.esri.com/en-us/arcgis/products/esri-cityengine/overview}},
  note = {Accessed: 2019-11-30}
}


@misc{worldmachine,
title = {{WorldMachine} A professional procedural terrain generation software},
howpublished = {\url{https://www.world-machine.com/}},
note = {Accessed: 2019-12-08}
}

@misc{speedtree,
title = {{SpeedTree} A professional procedural vegetation generation software},
howpublished = {\url{https://store.speedtree.com/}},
note = {Accessed: 2019-12-08}
}

@misc{book_of_shaders,
title = {{Book of Shaders, Chapter 10} introducing generation of randomness and different techniques},
howpublished = {\url{https://thebookofshaders.com/10/}},
note = {Accessed: 2019-12-08}
}

@misc{tutorial_perlin,
title = {{Making Maps with Noise Functions}}
howpublished = {\url{https://www.redblobgames.com/maps/terrain-from-noise/}},
note = {Accessed: 2019-12-08}
}

@misc{imguirs,
title = {{\texttt{imgui-rs}}, Rust bindings for ImGUI},
howpublished = {\url{https://github.com/Gekkio/imgui-rs}},
note = {Accessed: 2019-12-04}
}

@misc{nalgebra,
title = {{\texttt{nalgebra}}, general purpose linear algebra library for Rust},
howpublished = {\url{https://github.com/rustsim/nalgebra}},
note = {Accessed: 2019-12-04}
}

@misc{glmrs,
title = {{\texttt{glm-rs}}, Rust bindings to \texttt{glm}, a simple linear algebra library for computer graphics},
note = {Accessed: 2019-12-07}
}


@ARTICLE{procedural_sketch_cnn,
author={H. {Huang} and E. {Kalogerakis} and E. {Yumer} and R. {Mech}},
journal={IEEE Transactions on Visualization and Computer Graphics},
title={Shape Synthesis from Sketches via Procedural Models and Convolutional Networks},
year={2017},
volume={23},
number={8},
pages={2003-2013},
keywords={convolution;data visualisation;learning (artificial intelligence);shape recognition;shape synthesis;procedural models;high quality visual content;complex rule sets;hand-drawn 2D sketch;deep convolutional neural network;CNN;network training;automatically generated synthetic line drawings;intuitive medium;Shape;Computational modeling;Three-dimensional displays;Two dimensional displays;Neural networks;Solid modeling;Computer architecture;Shape synthesis;convolutional neural networks;procedural modeling;sketch-based modeling},
doi={10.1109/TVCG.2016.2597830},
ISSN={2160-9306},
month={Aug},}

@article{pixel2mesh,
  author    = {Nanyang Wang and
               Yinda Zhang and
               Zhuwen Li and
               Yanwei Fu and
               Wei Liu and
               Yu{-}Gang Jiang},
  title     = {Pixel2Mesh: Generating 3D Mesh Models from Single {RGB} Images},
  journal   = {CoRR},
  volume    = {abs/1804.01654},
  year      = {2018},
  url       = {http://arxiv.org/abs/1804.01654},
  archivePrefix = {arXiv},
  eprint    = {1804.01654},
  timestamp = {Thu, 12 Sep 2019 15:28:48 +0200},
  biburl    = {https://dblp.org/rec/bib/journals/corr/abs-1804-01654},
  bibsource = {dblp computer science bibliography, https://dblp.org}
}

@article{procedural_building_from_image,
author = {Nishida, Gen and Bousseau, Adrien and Aliaga, Daniel},
year = {2018},
month = {05},
pages = {415-429},
title = {Procedural Modeling of a Building from a Single Image},
volume = {37},
journal = {Computer Graphics Forum},
doi = {10.1111/cgf.13372}
}

@article{hybrid_character_modeling,
author = {Kazmi, Ismail and You, Lihua and Zhang, Jian},
year = {2015},
month = {11},
pages = {},
title = {A Hybrid Approach for Character Modelling Using Geometric Primitives and Shape-From-Shading Algorithm},
volume = {3},
journal = {Journal of Computational Design and Engineering},
doi = {10.1016/j.jcde.2015.10.002}
}

@article{recent_sketch_based,
  author    = {Dmitriy Smirnov and
               Mikhail Bessmeltsev and
               Justin Solomon},
  title     = {Deep Sketch-Based Modeling of Man-Made Shapes},
  journal   = {CoRR},
  volume    = {abs/1906.12337},
  year      = {2019},
  url       = {http://arxiv.org/abs/1906.12337},
  archivePrefix = {arXiv},
  eprint    = {1906.12337},
  timestamp = {Mon, 08 Jul 2019 16:48:36 +0200},
  biburl    = {https://dblp.org/rec/bib/journals/corr/abs-1906-12337},
  bibsource = {dblp computer science bibliography, https://dblp.org}
}

@article{sketch_based_urban_modeling,
 author = {Nishida, Gen and Garcia-Dorado, Ignacio and Aliaga, Daniel G. and Benes, Bedrich and Bousseau, Adrien},
 title = {Interactive Sketching of Urban Procedural Models},
 journal = {ACM Trans. Graph.},
 volume = {35},
 number = {4},
 year = {2016},
}

@inproceedings {sketching_parameterized_models,
booktitle = {ACM/EG Expressive Symposium - Posters, Demos, and Artworks},
editor = {Berio, Daniel and Cruz, Pedro and Echevarria, Jose},
title = {{Sketch-Based Modeling of Parametric Shapes}},
author = {Wailly, Bastien and Bousseau, Adrien},
year = {2019},
publisher = {The Eurographics Association},
ISBN = {978-3-03868-084-0},
DOI = {10.2312/exp.20191092}
}

@article{rigid_igarashi,
author = {Igarashi, Takeo and Igarashi, Yuki},
year = {2009},
month = {01},
pages = {17-30},
title = {Implementing As-Rigid-As-Possible Shape Manipulation and Surface Flattening},
volume = {14},
journal = {J. Graphics, GPU, Game Tools},
doi = {10.1080/2151237X.2009.10129273}
}

@article{deboor,
title = "On calculating with B-splines",
journal = "Journal of Approximation Theory",
volume = "6",
number = "1",
pages = "50 - 62",
year = "1972",
issn = "0021-9045",
doi = "https://doi.org/10.1016/0021-9045(72)90080-9",
url = "http://www.sciencedirect.com/science/article/pii/0021904572900809",
author = "Carl de Boor"
}

@inproceedings{perlin_noise,
 author = {Perlin, Ken},
 title = {An Image Synthesizer},
 booktitle = {Proceedings of the 12th Annual Conference on Computer Graphics and Interactive Techniques},
 series = {SIGGRAPH '85},
 year = {1985},
 isbn = {0-89791-166-0},
 pages = {287--296},
 numpages = {10},
 url = {http://doi.acm.org/10.1145/325334.325247},
 doi = {10.1145/325334.325247},
 acmid = {325247},
 publisher = {ACM},
 address = {New York, NY, USA},
 keywords = {algorithm development, fire, functional composition, interactive, pixel stream editor, solid texture, space function, stochastic modelling, turbulence, waves},
} 